@article{DBLP:journals/cacm/Lamport78,
  author    = {Leslie Lamport},
  title     = {Time, Clocks, and the Ordering of Events in a Distributed
               System},
  journal   = {Commun. ACM},
  volume    = {21},
  number    = {7},
  year      = {1978},
  pages     = {558-565},
  ee        = {http://doi.acm.org/10.1145/359545.359563},
  bibsource = {DBLP, http://dblp.uni-trier.de}
}
@article{DBLP:journals/corr/MitzenmacherP13,
  author    = {Michael Mitzenmacher and
               Rasmus Pagh},
  title     = {Simple Multi-Party Set Reconciliation},
  journal   = {CoRR},
  volume    = {abs/1311.2037},
  year      = {2013},
  ee        = {http://arxiv.org/abs/1311.2037},
  bibsource = {DBLP, http://dblp.uni-trier.de}
}
@article{DBLP:journals/cn/DonnetBF10,
  author    = {Benoit Donnet and
               Bruno Baynat and
               Timur Friedman},
  title     = {Improving retouched Bloom filter for trading off selected
               false positives against false negatives},
  journal   = {Computer Networks},
  volume    = {54},
  number    = {18},
  year      = {2010},
  pages     = {3373-3387},
  ee        = {http://dx.doi.org/10.1016/j.comnet.2010.07.003},
  bibsource = {DBLP, http://dblp.uni-trier.de}
}
@inproceedings{DBLP:conf/allerton/GoodrichM11,
  author    = {Michael T. Goodrich and
               Michael Mitzenmacher},
  title     = {Invertible bloom lookup tables},
  booktitle = {Allerton},
  year      = {2011},
  pages     = {792-799},
  ee        = {http://dx.doi.org/10.1109/Allerton.2011.6120248},
  bibsource = {DBLP, http://dblp.uni-trier.de}
}
@proceedings{DBLP:conf/allerton/2011,
  title     = {2011 49th Annual Allerton Conference on Communication, Control,
               and Computing, Allerton Park {\&} Retreat Center, Monticello,
               IL, USA, 28-30 September, 2011},
  booktitle = {Allerton},
  publisher = {IEEE},
  year      = {2011},
  isbn      = {978-1-4577-1817-5},
  ee        = {http://ieeexplore.ieee.org/xpl/mostRecentIssue.jsp?punumber=6111659},
  bibsource = {DBLP, http://dblp.uni-trier.de}
}
@article{DBLP:journals/rsa/KirschM08,
  author    = {Adam Kirsch and
               Michael Mitzenmacher},
  title     = {Less hashing, same performance: Building a better Bloom
               filter},
  journal   = {Random Struct. Algorithms},
  volume    = {33},
  number    = {2},
  year      = {2008},
  pages     = {187-218},
  ee        = {http://dx.doi.org/10.1002/rsa.20208},
  bibsource = {DBLP, http://dblp.uni-trier.de}
}
@MISC{Becker_merklesignature,
    author = {Georg Becker and Ruhr-universität Bochum},
    title = {Merkle Signature Schemes, Merkle Trees and Their Cryptanalysis},
    year = {}
}
@article{t1,
	author = {Marcel Erné},
	title = {Posets isomorphic to their extensions},
	year = {1985},
	journal = {Order},
	volume = {2},
	number = {2},
	pages = {199-210}
}
@article{t2,
	author = {Denis Higgs},
	title = {Lattices isomorphic to their ideal lattices},
	year = {1971},
	journal = {algebra universalis},
	volume = {1},
	number = {1},
	pages = {71-72}
}
@inproceedings{Mashtizadeh:2013:RHG:2517349.2522721,
 author = {Mashtizadeh, Ali Jos{\'e} and Bittau, Andrea and Huang, Yifeng Frank and Mazi\`{e}res, David},
 title = {Replication, History, and Grafting in the Ori File System},
 booktitle = {Proceedings of the Twenty-Fourth ACM Symposium on Operating Systems Principles},
 series = {SOSP '13},
 year = {2013},
 isbn = {978-1-4503-2388-8},
 location = {Farminton, Pennsylvania},
 pages = {151--166},
 numpages = {16},
 url = {http://doi.acm.org/10.1145/2517349.2522721},
 doi = {10.1145/2517349.2522721},
 acmid = {2522721},
 publisher = {ACM},
 address = {New York, NY, USA},
} 
@article{fidge1988timestamps,
  added-at = {2012-01-14T13:04:26.000+0100},
  author = {Fidge, C. J.},
  biburl = {http://www.bibsonomy.org/bibtex/2cc829c490de6ff6203758943b4d3ca84/nosebrain},
  description = {Timestamps in message-passing systems that preserve the partial ordering | Mendeley},
  interhash = {27bbdd2f31ec6e29b97770b3e017cddc},
  intrahash = {cc829c490de6ff6203758943b4d3ca84},
  journal = {Proceedings of the 11th Australian Computer Science Conference},
  keywords = {clock vector},
  number = 1,
  pages = {56–66},
  timestamp = {2012-01-14T13:04:26.000+0100},
  title = {Timestamps in message-passing systems that preserve the partial ordering},
  url = {http://sky.scitech.qut.edu.au/~fidgec/Publications/fidge88a.pdf},
  volume = 10,
  year = 1988
}
@inproceedings{VirtTimeGlobStates,
    author = "Friedemann Mattern",
    editor = "Cosnard M. et al.",
    title = "Virtual Time and Global States of Distributed Systems",
    booktitle = "Proc. Workshop on Parallel and Distributed Algorithms",
    year = "1989",
    pages = "215--226",
    address = "North-Holland / Elsevier",
    note = {(Reprinted in: Z. Yang, T.A. Marsland (Eds.), "Global States and Time in Distributed Systems", IEEE, 1994, pp. 123-133.)}
}
@article{Bloom:1970:STH:362686.362692,
 author = {Bloom, Burton H.},
 title = {Space/Time Trade-offs in Hash Coding with Allowable Errors},
 journal = {Commun. ACM},
 issue_date = {July 1970},
 volume = {13},
 number = {7},
 month = jul,
 year = {1970},
 issn = {0001-0782},
 pages = {422--426},
 numpages = {5},
 url = {http://doi.acm.org/10.1145/362686.362692},
 doi = {10.1145/362686.362692},
 acmid = {362692},
 publisher = {ACM},
 address = {New York, NY, USA},
 keywords = {hash addressing, hash coding, retrieval efficiency, retrieval trade-offs, scatter storage, searching, storage efficiency, storage layout},
} 